% Encoding: UTF-8

@Misc{beta1-zeta1,
  Title                    = {[coqdev] beta1 and zeta1 reduction},

  Author                   = {Jonathan Leivent},
  Month                    = jan,
  Year                     = {2016},

  Url                      = {https://sympa.inria.fr/sympa/arc/coqdev/2016-01/msg00060.html}
}

@Misc{coq-pr-fast-rel-lookup,
  Title                    = {Fast rel lookup \#6506},

  Author                   = {Pierre-Marie P\'edrot},
  Month                    = dec,
  Year                     = {2017},

  Url                      = {https://github.com/coq/coq/pull/6506}
}

@Book{cpdt,
  Title                    = {Certified Programming with Dependent Types: A Pragmatic Introduction to the {C}oq Proof Assistant},
  Author                   = {Adam Chlipala},
  Publisher                = {MIT Press},
  Year                     = {2013},
  Month                    = {December},

  ISBN                     = {9780262026659},
  Url                      = {http://adam.chlipala.net/cpdt/}
}

@Article{DeBruijn,
  Title                    = {Lambda-calculus notation with nameless dummies: a tool for automatic formal manipulation with application to the {Church-Rosser} theorem},
  Author                   = {Nicolas G.~de Bruijn},
  Journal                  = {Indagationes Mathematicae (Proceedings)},
  Year                     = {1972},
  Pages                    = {381--392},
  Volume                   = {34(5)},

  Doi                      = {https://doi.org/10.1016/1385-7258(72)90034-0},
  ISSN                     = {1385-7258},
  Url                      = {http://www.sciencedirect.com/science/article/pii/1385725872900340}
}

@TechReport{gonthier2016small,
  Title                    = {A Small Scale Reflection Extension for the {C}oq system},
  Author                   = {Gonthier, Georges and Mahboubi, Assia and Tassi, Enrico},
  Institution              = {Inria Saclay Ile de France},
  Year                     = {2016},
  Month                    = nov,

  School                   = {Inria Saclay Ile de France},
  Url                      = {https://hal.inria.fr/inria-00258384/}
}

@InProceedings{HOAS,
  Title                    = {Higher-order abstract syntax},
  Author                   = {Frank Pfenning and Conal Elliot},
  Booktitle                = {Proc. PLDI},
  Year                     = {1988},
  Pages                    = {199--208},

  Location                 = {Atlanta, Georgia, United States},
  Url                      = {https://www.cs.cmu.edu/~fp/papers/pldi88.pdf}
}

@Article{lessadhoc,
  Title                    = {How to Make Ad Hoc Proof Automation Less Ad Hoc},
  Author                   = {Gonthier, Georges and Ziliani, Beta and Nanevski, Aleksandar and Dreyer, Derek},
  Journal                  = {Journal of Functional Programming},
  Year                     = {2013},
  Number                   = {4},
  Pages                    = {357--401},
  Volume                   = {23},

  Doi                      = {10.1017/S0956796813000051},
  Publisher                = {Cambridge University Press},
  Url                      = {https://people.mpi-sws.org/~beta/lessadhoc/lessadhoc-extended.pdf}
}

@inproceedings{MirrorShardITP14,
 author = {Gregory Malecha and Adam Chlipala and Thomas Braibant},
 title = {Compositional Computational Reflection},
 booktitle = {ITP'14: Proceedings of the 5th International Conference on Interactive Theorem Proving},
 year = 2014,
 url = {http://adam.chlipala.net/papers/MirrorShardITP14/}
}

@InProceedings{PhoasICFP08,
  Title                    = {Parametric Higher-Order Abstract Syntax for Mechanized Semantics},
  Author                   = {Adam Chlipala},
  Booktitle                = {ICFP'08: Proceedings of the 13th ACM SIGPLAN International Conference on Functional Programming},
  Year                     = {2008},
  Month                    = sep,

  Location                 = {Victoria, British Columbia, Canada},
  Url                      = {http://adam.chlipala.net/papers/PhoasICFP08/}
}

@InBook{primitive-projections,
  Title                    = {The {C}oq Proof Assistant Reference Manual},
  Author                   = {{Coq Development Team}},
  Chapter                  = {2.1.1 Extensions of \texorpdfstring{\textsc{Gallina}}{Gallina}, Record Types (Primitive Projections)},
  Publisher                = {INRIA},
  Year                     = {2017},
  Edition                  = {8.7.1},

  Url                      = {https://coq.inria.fr/distrib/V8.7.1/refman/gallina-ext.html#sec65}
}

@InBook{quote-plugin,
  Title                    = {The {C}oq Proof Assistant Reference Manual},
  Author                   = {{Coq Development Team}},
  Chapter                  = {10.3 Detailed examples of tactics (quote)},
  Publisher                = {INRIA},
  Year                     = {2017},
  Edition                  = {8.7.1},

  Url                      = {https://coq.inria.fr/distrib/V8.7.1/refman/tactic-examples.html#quote-examples}
}

@InProceedings{ReflectionTACS97,
  Title                    = {Using reflection to build efficient and certified decision procedures},
  Author                   = {Boutin, Samuel},
  Booktitle                = {Theoretical Aspects of Computer Software},
  Year                     = {1997},

  Address                  = {Berlin, Heidelberg},
  Editor                   = {Abadi, Mart{\'i}n and Ito, Takayasu},
  Pages                    = {515--529},
  Publisher                = {Springer Berlin Heidelberg},

  ISBN                     = {978-3-540-69530-1}
}

@Article{sozeau2008first,
  Title                    = {First-class type classes},
  Author                   = {Sozeau, Matthieu and Oury, Nicolas},
  Journal                  = {Lecture Notes in Computer Science},
  Year                     = {2008},
  Pages                    = {278--293},
  Volume                   = {5170},

  Publisher                = {Springer},
  Url                      = {https://www.irif.fr/~sozeau/research/publications/First-Class_Type_Classes.pdf}
}


@Misc{template-coq,
  Title                    = {Typed {Template Coq}},

  Author                   = {Abhishek Anand and Simon Boulier and Nicolas Tabareau and Matthieu Sozeau},
  HowPublished             = {CoqPL 2018},
  Month                    = jan,
  Year                     = {2018},

  Url                      = {https://popl18.sigplan.org/event/coqpl-2018-typed-template-coq}
}

@Article{ziliani2015mtac,
  Title                    = {Mtac: A Monad for Typed Tactic Programming in {C}oq},
  Author                   = {Ziliani, Beta and Dreyer, Derek and Krishnaswami, Neelakantan R and Nanevski, Aleksandar and Vafeiadis, Viktor},
  Journal                  = {Journal of Functional Programming},
  Year                     = {2015},
  Volume                   = {25},

  Publisher                = {Cambridge University Press},
  Url                      = {http://plv.mpi-sws.org/mtac/journal-draft.pdf}
}

@Article{ziliani2017comprehensible,
  Title                    = {A Comprehensible Guide to a New Unifier for {CIC} Including Universe Polymorphism and Overloading},
  Author                   = {Ziliani, Beta and Sozeau, Matthieu},
  Journal                  = {Journal of Functional Programming},
  Year                     = {2017},
  Volume                   = {27},

  Publisher                = {Cambridge University Press},
  Url                      = {https://people.mpi-sws.org/~beta/papers/unicoq-journal.pdf}
}

@InProceedings{fiat-crypto,
  Title                    = {Simple High-Level Code For Cryptographic Arithmetic -- With Proofs, Without Compromises},
  Author                   = {Andres Erbsen and Jade Philipoom and Jason Gross and Robert Sloan and Adam Chlipala},
  Booktitle                = {Proc. IEEE Symposium on Security \& Privacy},
  Month                    = May,
  Year                     = {2019}
}
