% Encoding: UTF-8


@InProceedings{PhoasICFP08,
  Title                    = {Parametric Higher-Order Abstract Syntax for Mechanized Semantics},
  Author                   = {Adam Chlipala},
  Booktitle                = {ICFP'08: Proceedings of the 13th ACM SIGPLAN International Conference on Functional Programming},
  Year                     = {2008},
  Month                    = sep,

  Location                 = {Victoria, British Columbia, Canada},
  Owner                    = {jgross},
  Timestamp                = {2019.04.15},
  Url                      = {http://adam.chlipala.net/papers/PhoasICFP08/}
}

@InProceedings{maranget2008compiling,
  Title                    = {Compiling Pattern Matching to Good Decision Trees},
  Author                   = {Maranget, Luc},
  Booktitle                = {Proceedings of the 2008 ACM SIGPLAN workshop on ML},
  Year                     = {2008},
  Organization             = {ACM},
  Pages                    = {35--46},

  Owner                    = {jgross},
  Timestamp                = {2019.04.15},
  Url                      = {http://moscova.inria.fr/~maranget/papers/ml05e-maranget.pdf}
}

@Misc{coq-pr-floats,
  author    = {Erik Martin-Dorel},
  title     = {Implementing primitive floats (binary64 floating-point numbers) - Issue \#8276 - coq/coq},
  year      = {2018},
  month     = {Aug},
  url       = {https://github.com/coq/coq/issues/8276},
  owner     = {jgross},
  timestamp = {2019.04.22},
}

@article{Compcert,
 author = {Leroy, Xavier},
 title = {A Formally Verified Compiler Back-end},
 journal = {J. Autom. Reason.},
 issue_date = {December  2009},
 volume = {43},
 number = {4},
 month = dec,
 year = {2009},
 issn = {0168-7433},
 pages = {363--446},
 numpages = {84},
 url = {http://gallium.inria.fr/~xleroy/publi/compcert-backend.pdf},
 acmid = {1666216},
 publisher = {Springer-Verlag New York, Inc.},
 address = {Secaucus, NJ, USA},
 keywords = {Compiler transformations and optimizations, Compiler verification, Formal methods, Program proof, Semantic preservation, The Coq theorem prover},
}


@InProceedings{seL4SOSP09,
    author =  {Gerwin Klein 
    and Kevin Elphinstone 
    and Gernot Heiser
    and June Andronick 
    and David Cock
    and Philip Derrin
    and Dhammika Elkaduwe
    and Kai Engelhardt
    and Rafal Kolanski
    and Michael Norrish
    and Thomas Sewell
    and Harvey Tuch
    and Simon Winwood},
    title =        {{seL4}: Formal Verification of an {OS} Kernel},
    booktitle =    {Proc. SOSP},
    year =         {2009},
    publisher = {ACM},
    pages = {207--220}
}

@book{PartialEvaluation,
  author = {N.D. Jones and C.K. Gomard and P. Sestoft},
  title = {Partial Evaluation and Automatic Program Generation},
  publisher = {Prentice Hall International},
  month = Jun,
  year = 1993,
  isbn = {0-13-020249-5}
}

@Article{LMS,
  title = "Lightweight modular staging: {A} pragmatic approach to
     runtime code generation and compiled {DSL}s",
  url = {https://infoscience.epfl.ch/record/150347/files/gpce63-rompf.pdf},
  author =  "Tiark Rompf and Martin Odersky",
  year =  "2010",
  journal = {Proceedings of GPCE},
}

@InProceedings{FiatCryptoSP19,
author = {Andres Erbsen and Jade Philipoom and Jason Gross and Robert Sloan and Adam Chlipala},
title = {Simple High-Level Code For Cryptographic Arithmetic -- With Proofs, Without Compromises},
booktitle = {IEEE Security \& Privacy},
month = may,
year = {2019},
location = {San Francisco, CA, USA},
url = {http://adam.chlipala.net/papers/FiatCryptoSP19/}
}

@inproceedings{ReflectionTACS97,
  author    = {Boutin, Samuel},
  title     = {Using reflection to build efficient and certified decision procedures},
  booktitle = {Proc. TACS},
  year      = {1997},
}

@INPROCEEDINGS{NbE,
author={U. {Berger} and H. {Schwichtenberg}},
booktitle={[1991] Proceedings Sixth Annual IEEE Symposium on Logic in Computer Science},
title={An inverse of the evaluation functional for typed lambda -calculus},
year={1991},
volume={},
number={},
pages={203-211},
keywords={formal logic;inverse;evaluation functional;typed lambda -calculus;typed lambda -terms;normalization algorithm;lambda -calculi;constants;natural deduction proofs;completeness theorem;recursive functions;Calculus;Arithmetic;Computer languages},
doi={10.1109/LICS.1991.151645},
ISSN={},
month={July},}

@inproceedings{Aehlig,
  author = {Klaus Aehlig and Florian Haftmann and Tobias Nipkow},
  year = 2008,
  title = {A Compiled Implementation of Normalization by Evaluation},
  booktitle = {Proc. TPHOLs}
}

@inproceedings{CodeGen,
  author = {Florian Haftmann and Tobias Nipkow},
  year = 2007,
  title = {A Code Generator Framework for Isabelle/HOL},
  booktitle = {Proc. TPHOLs}
}

@inproceedings{vale,
  author = {Barry Bond and Chris Hawblitzel and Manos Kapritsos and Rustan Leino and Jay Lorch and Bryan Parno and Ashay Rane and Srinath Setty and Laure Thompson},
  title = {Vale: Verifying High-Performance Cryptographic Assembly Code},
  booktitle = {Proc. USENIX Security},
  year = 2017,
  url = {http://www.cs.cornell.edu/~laurejt/papers/vale-2017.pdf},
}

@inproceedings{nativecompute,
  author = {Mathieu Boespflug and Maxime Dénès and Benjamin Grégoire},
  title = {Full Reduction at Full Throttle},
  booktitle = {Proc. CPP},
  year = 2011
}

@inproceedings{vmcompute,
  author = {Benjamin Grégoire and Xavier Leroy},
  title = {A compiled implementation of strong reduction},
  booktitle = {Proc. ICFP},
  year = 2002
}

@inproceedings{LMSVerify,
  title={{LMS-Verify}: Abstraction without Regret for Verified Systems Programming},
  author={Nada Amin and Tiark Rompf},
  booktitle = {Proc. POPL},
  year = 2017
}

@inproceedings{TemplateCoq,
  title={Towards Certified Meta-Programming with Typed {Template-Coq}},
  author={Abhishek Anand and Simon Boulier and Cyril Cohen and Matthieu Sozeau and Nicolas Tabareau},
  booktitle={Proc. ITP},
  year={2018}
}

@InProceedings{ReificationITP18,
  author    = {Jason Gross and Andres Erbsen and Adam Chlipala},
  title     = {Reification by Parametricity: Fast Setup for Proof by Reflection, in Two Lines of Ltac},
  booktitle = {Proc. ITP},
  year      = {2018},
  url       = {http://adam.chlipala.net/papers/ReificationITP18/},
}

@InBook{rtac,
  author    = {Malecha, Gregory and Bengtson, Jesper},
  title     = {Programming Languages and Systems: 25th European Symposium on Programming, ESOP 2016, Held as Part of the European Joint Conferences on Theory and Practice of Software, ETAPS 2016, Eindhoven, The Netherlands, April 2-8, 2016, Proceedings},
  year      = {2016},
  editor    = {Thiemann, Peter},
  publisher = {Springer Berlin Heidelberg},
  isbn      = {978-3-662-49498-1},
  chapter   = {Extensible and Efficient Automation Through Reflective Tactics},
  pages     = {532--559},
  doi       = {10.1007/978-3-662-49498-1_21},
  url       = {http://dx.doi.org/10.1007/978-3-662-49498-1_21},
  address   = {Berlin, Heidelberg},
}

@Conference{denes2013prim-ints-arrays,
  author    = {Maxime D\'en\`es},
  title     = {Towards primitive data types for {C}OQ},
  booktitle = {The Coq Workshop 2013},
  year      = {2013},
  date      = {2013-04-06},
  subtitle  = {63-bits integers and persistent arrays},
  url       = {https://coq.inria.fr/files/coq5_submission_2.pdf},
}

@PhdThesis{malecha2015thesis,
  author = {Gregory Michael Malecha},
  title  = {Extensible Proof Engineering in Intensional Type Theory},
  year   = {2014},
  month  = {Nov},
  url    = {http://gmalecha.github.io/publication/2015/02/01/extensible-proof-engineering-in-intensional-type-theory.html},
  school = {Harvard University},
}

@inproceedings{debruijn1972,
  title={Lambda calculus notation with nameless dummies, a tool for automatic formula manipulation, with application to the Church-Rosser theorem},
  author={De Bruijn, Nicolaas Govert},
  booktitle={Indagationes Mathematicae (Proceedings)},
  volume={75},
  number={5},
  pages={381--392},
  year={1972},
  organization={Elsevier}
}

@Comment{jabref-meta: databaseType:biblatex;}
